@book{Mitrinovic,
  title={The Cauchy Method of Residues: Theory and Applications},
  author={Mitrinovic, Dragoslav S and Keckic, Jovan D},
  volume={9},
  year={1984},
  publisher={Springer Science \& Business Media}
}

@book{Marsden,
  title={Basic Complex Analysis},
  author={Marsden, Jerrold E and Hoffman, Michael J},
  year={1999},
  publisher={Macmillan}
}

@book{Needham,
  title={Visual Complex Analysis},
  author={Needham, Tristan},
  year={1997},
  publisher={Oxford University Press}
}

@book{Bak,
  title={Complex Analysis},
  author={Bak, Joseph and Newman, Donald J},
  volume={8},
  year={2010},
  publisher={Springer}
}

@book{Princeton,
  title={Princeton Lectures in Analysis},
  author={Stein, Elias M and Shakarchi, Rami},
  year={2003},
  publisher={Princeton University Press}
}

@book{Roe,
  title={Winding Around: The Winding Number in Topology, Geometry and Analysis},
  author={Roe, John},
  volume={76},
  year={2015},
  publisher={American Mathematical Society}
}

@book{Ahlfors,
  title={Complex Analysis},
  author={Ahlfors, Lars V},  
  year={1966},
  publisher={McGraw-Hill}
}

@book{Spirit,
  title={Complex Analysis: in the Spirit of Lipman Bers},
  author={Rodr{\'\i}guez, Rub{\'\i} E and Kra, Irwin and Gilman, Jane P},
  year={2013},
  publisher={Springer}
}

@article{Basel,
  title={The Basel Problem},
  author={Ghosh, Sourangshu},
  journal={arXiv: General Mathematics},
  year={2020},
  note ={URL: \url{https://arxiv.org/ftp/arxiv/papers/2010/2010.03953.pdf}}
}

@article{Magnets,
  title={A method to calculate inductance in systems of parallel wires},
  author={Deyo, Eric},
  journal={Journal of Electromagnetic Analysis and Applications},
  year={2016}  ,
  note ={URL: \url{https://www.scirp.org/pdf/JEMAA_2017012411290347.pdf}}
}

@article{BaselHist,
  title={Euler and the Zeta Function},
  author={Ayoub, Raymond},
  journal={The American Mathematical Monthly},
  year={1974},
  publisher={Taylor \& Francis},
  note = {URL: \url{https://www.jstor.org/stable/2319041}}
}

@article{Mobius,
  title={Ueber die bestimmung des inhaltes eines poly{\"e}ders},
  author={M{\"o}bius, August F},
  journal={Leipziger Sitzungsberichte math. phys. Classe},
  year={1865}
}

